@Article{article,
  author  = {Atikovic, Almir and Kamenjašević, Edina},
  journal = {Science of Gymnastics Journal},
  title   = {The Prediction of All-Around Event Final Score Based on D and E Score Factors in Women's Artistic Gymnastics},
  year    = {2021},
  month   = {02},
  pages   = {47-58},
  volume  = {13},
  doi     = {10.52165/sgj.13.1.47-58},
}

@Article{article,
  author  = {Čuk,Ivan and Forbes, Warwick},
  journal = {Science of Gymnastics Journal},
  title   = {How Apparatus Difficulty Scores Affect All Around Results in Men's Artistic Gymnastics},
  year    = {2010},
  month   = {10},
  pages   = {57-63},
  volume  = {2},
}





















@Article{JonasRohleder2023,
  author    = {Jonas Rohleder, Alexandra Pizzera, Jonas Breuer and Tobias Vogt},
  journal   = {International Journal of Performance Analysis in Sport},
  title     = {Performance rating in men’s world elite artistic gymnastics: a status-quo study on scoring tendencies at Olympic Games following rule changes},
  year      = {2023},
  number    = {5},
  pages     = {413-427},
  volume    = {23},
  doi       = {10.1080/24748668.2023.2240673},
  eprint    = {https://doi.org/10.1080/24748668.2023.2240673},
  publisher = {Routledge},
  url       = {https://doi.org/10.1080/24748668.2023.2240673},
}

@Article{,
  author = {UConn Sports Analytics Symposium (UCSAS)},
  title  = {UCSAS 2024 USOPC Data Challenge},
  year   = {2024},
  url    = {https://statds.org/events/ucsas2024/challenge.html},
}

@Comment{jabref-meta: databaseType:bibtex;}
